{"gold_per_floor":[99,113,113,73,73,73,53,53,53,53,53],"floor_reached":11,"playtime":1231,"items_purged":[],"score":63,"play_id":"d7cfc7d4-cd56-4982-968c-3a3e92f90d3d","local_time":"20260103173024","is_ascension_mode":false,"campfire_choices":[{"floor":6,"key":"REST"},{"data":"Strike_R","floor":8,"key":"SMITH"}],"neow_cost":"NONE","seed_source_timestamp":0,"circlet_count":0,"master_deck":["Strike_R","Strike_R","Strike_R","Strike_R","Strike_R+1","Defend_R","Defend_R","Defend_R","Defend_R","Bash","Anger","Dropkick"],"relics":["Burning Blood"],"potions_floor_usage":[],"damage_taken":[{"damage":10,"enemies":"Small Slimes","floor":1,"turns":8},{"damage":31,"enemies":"Jaw Worm","floor":2,"turns":7},{"damage":41,"enemies":"Cultist","floor":3,"turns":8},{"damage":18,"enemies":"Blue Slaver","floor":5,"turns":6},{"damage":40,"enemies":"Lagavulin","floor":11,"turns":5}],"seed_played":"-1506364309583848168","potions_obtained":[{"floor":2,"key":"Explosive Potion"}],"is_trial":false,"path_per_floor":["M","M","M","?","M","R","?","R","T","R","E"],"character_chosen":"IRONCLAD","basemod:card_modifiers":[null,null,null,null,null,null,null,null,null,null,null,null],"items_purchased":[],"campfire_rested":1,"item_purchase_floors":[],"current_hp_per_floor":[84,59,24,24,12,38,38,38,38,38,0],"gold":53,"neow_bonus":"TEN_PERCENT_HP_BONUS","is_prod":false,"is_daily":false,"chose_seed":false,"campfire_upgraded":1,"win_rate":0.0,"timestamp":1767457824,"path_taken":["M","M","M","?","M","R","?","R","T","R","E"],"build_version":"2022-12-18","purchased_purges":0,"victory":false,"max_hp_per_floor":[88,88,88,88,88,88,88,88,88,88,88],"card_choices":[{"not_picked":["Whirlwind","Warcry","Body Slam"],"picked":"SKIP","floor":1},{"not_picked":["Anger","Perfected Strike","Twin Strike"],"picked":"SKIP","floor":2},{"not_picked":["Anger","Dual Wield","Battle Trance"],"picked":"SKIP","floor":3},{"not_picked":["Dual Wield","Battle Trance"],"picked":"Anger","floor":3},{"not_picked":["Clash","Dual Wield"],"picked":"Dropkick","floor":5}],"player_experience":11281,"relics_obtained":[],"event_choices":[{"damage_healed":0,"gold_gain":0,"player_choice":"Left Gold","damage_taken":0,"max_hp_gain":0,"max_hp_loss":0,"event_name":"World of Goop","floor":4,"gold_loss":40},{"damage_healed":0,"gold_gain":0,"player_choice":"Bought 1 Potion","damage_taken":0,"max_hp_gain":0,"max_hp_loss":0,"event_name":"The Woman in Blue","floor":7,"gold_loss":0}],"is_beta":false,"boss_relics":[],"items_purged_floors":[],"is_endless":false,"potions_floor_spawned":[1,2,5],"killed_by":"Lagavulin","ascension_level":0}