{"gold_per_floor":[99,111,128,128,138,138,13,13,13,13,13],"floor_reached":11,"playtime":1117,"items_purged":[],"score":65,"play_id":"d8e52d7d-a78b-4d65-a1a4-72d649a4abb1","local_time":"20260103192623","is_ascension_mode":false,"campfire_choices":[{"data":"Anger","floor":6,"key":"SMITH"},{"data":"Carnage","floor":10,"key":"SMITH"}],"neow_cost":"NONE","seed_source_timestamp":0,"circlet_count":0,"master_deck":["Strike_R","Strike_R","Strike_R+1","Strike_R+1","Strike_R+1","Defend_R","Defend_R","Defend_R","Defend_R","Bash","Armaments","Metallicize","Sword Boomerang","Carnage+1","Anger+1","Burning Pact"],"relics":["Burning Blood","NeowsBlessing","Whetstone"],"potions_floor_usage":[],"damage_taken":[{"damage":0,"enemies":"Cultist","floor":1,"turns":2},{"damage":11,"enemies":"Jaw Worm","floor":2,"turns":2},{"damage":16,"enemies":"2 Louse","floor":3,"turns":5},{"damage":9,"enemies":"Exordium Wildlife","floor":4,"turns":4},{"damage":35,"enemies":"Lots of Slimes","floor":5,"turns":7},{"damage":35,"enemies":"3 Sentries","floor":11,"turns":4}],"seed_played":"-6951917967809618080","potions_obtained":[{"floor":2,"key":"FearPotion"}],"is_trial":false,"path_per_floor":["M","M","M","M","M","R","$","?","T","R","E"],"character_chosen":"IRONCLAD","basemod:card_modifiers":[null,null,null,null,null,null,null,null,null,null,null,null,null,null,null,null],"items_purchased":["Burning Pact","AttackPotion"],"campfire_rested":0,"item_purchase_floors":[7,7],"current_hp_per_floor":[80,75,65,62,33,33,33,33,33,33,0],"gold":13,"neow_bonus":"THREE_ENEMY_KILL","is_prod":false,"is_daily":false,"chose_seed":false,"campfire_upgraded":2,"win_rate":0.0,"timestamp":1767464783,"path_taken":["M","M","M","?","M","R","$","?","T","R","E"],"build_version":"2022-12-18","purchased_purges":0,"victory":false,"max_hp_per_floor":[80,80,80,80,80,80,80,80,80,80,80],"card_choices":[{"not_picked":["Twin Strike","Headbutt"],"picked":"Armaments","floor":1},{"not_picked":["Thunderclap","Body Slam","Metallicize"],"picked":"SKIP","floor":2},{"not_picked":["Thunderclap","Body Slam","Metallicize"],"picked":"SKIP","floor":2},{"not_picked":["Thunderclap","Body Slam"],"picked":"Metallicize","floor":2},{"not_picked":["Infernal Blade","Rampage"],"picked":"Sword Boomerang","floor":3},{"not_picked":["Anger","Seeing Red"],"picked":"Carnage","floor":4},{"not_picked":["Rampage","Bloodletting"],"picked":"Anger","floor":5}],"player_experience":18235,"relics_obtained":[{"floor":9,"key":"Whetstone"}],"event_choices":[{"damage_healed":0,"gold_gain":0,"player_choice":"Forge","damage_taken":0,"max_hp_gain":0,"max_hp_loss":0,"event_name":"Accursed Blacksmith","floor":8,"gold_loss":0,"cards_upgraded":["Strike_R"]}],"is_beta":false,"boss_relics":[],"items_purged_floors":[],"is_endless":false,"potions_floor_spawned":[2],"killed_by":"3 Sentries","ascension_level":0}