{"gold_per_floor":[99,112,126,126,126,126,126,126,126,126],"floor_reached":10,"playtime":781,"items_purged":[],"score":60,"play_id":"5aa4667d-7238-442a-8ba8-45abc4f1feb5","local_time":"20260103163114","is_ascension_mode":false,"campfire_choices":[{"floor":6,"key":"REST"}],"neow_cost":"NONE","seed_source_timestamp":0,"circlet_count":0,"master_deck":["Strike_R","Strike_R","Strike_R","Strike_R","Strike_R","Defend_R","Defend_R","Defend_R","Defend_R","Bash","Cleave","Iron Wave","Thunderclap"],"relics":["Burning Blood","NeowsBlessing","Mercury Hourglass"],"potions_floor_usage":[],"damage_taken":[{"damage":11,"enemies":"Jaw Worm","floor":1,"turns":2},{"damage":0,"enemies":"Cultist","floor":2,"turns":1},{"damage":0,"enemies":"Small Slimes","floor":3,"turns":1},{"damage":51,"enemies":"Gremlin Gang","floor":4,"turns":5},{"damage":58,"enemies":"Red Slaver","floor":8,"turns":8},{"damage":12,"enemies":"Blue Slaver","floor":10,"turns":1}],"seed_played":"-3727885934910545203","potions_obtained":[{"floor":2,"key":"Explosive Potion"}],"is_trial":false,"path_per_floor":["M","M","M","M","?","R","$","M","T","M"],"character_chosen":"IRONCLAD","basemod:card_modifiers":[null,null,null,null,null,null,null,null,null,null,null,null,null],"items_purchased":[],"campfire_rested":1,"item_purchase_floors":[],"current_hp_per_floor":[75,80,80,35,35,59,59,7,7,0],"gold":126,"neow_bonus":"THREE_ENEMY_KILL","is_prod":false,"is_daily":false,"chose_seed":false,"campfire_upgraded":0,"win_rate":0.0,"timestamp":1767454274,"path_taken":["M","M","M","M","?","R","$","?","T","M"],"build_version":"2022-12-18","purchased_purges":0,"victory":false,"max_hp_per_floor":[80,80,80,80,80,80,80,80,80,80],"card_choices":[{"not_picked":["Rupture","Fire Breathing"],"picked":"Cleave","floor":1},{"not_picked":["Carnage","Dual Wield"],"picked":"Iron Wave","floor":2},{"not_picked":["Thunderclap","True Grit","Perfected Strike"],"picked":"SKIP","floor":3},{"not_picked":["Thunderclap","True Grit","Perfected Strike"],"picked":"SKIP","floor":3},{"not_picked":["True Grit","Perfected Strike"],"picked":"Thunderclap","floor":3},{"not_picked":["Cleave","Perfected Strike","Whirlwind"],"picked":"SKIP","floor":4},{"not_picked":["Cleave","Uppercut","Power Through"],"picked":"SKIP","floor":8}],"player_experience":8229,"relics_obtained":[{"floor":9,"key":"Mercury Hourglass"}],"event_choices":[{"damage_healed":0,"gold_gain":0,"player_choice":"0 cards matched","damage_taken":0,"max_hp_gain":0,"max_hp_loss":0,"event_name":"Match and Keep!","floor":5,"gold_loss":0,"cards_obtained":[]}],"is_beta":false,"boss_relics":[],"items_purged_floors":[],"is_endless":false,"potions_floor_spawned":[2],"killed_by":"Blue Slaver","ascension_level":0}