{"gold_per_floor":[99,99,19,33,33,33,0,0,0,0,0],"floor_reached":11,"playtime":1011,"items_purged":[],"score":65,"play_id":"4f3d569d-b538-4562-9373-16305f37be27","local_time":"20260103174727","is_ascension_mode":false,"campfire_choices":[{"data":"Neutralize","floor":6,"key":"SMITH"},{"floor":8,"key":"REST"}],"neow_cost":"NONE","seed_source_timestamp":0,"circlet_count":0,"master_deck":["Strike_G","Strike_G","Strike_G","Strike_G","Strike_G","Defend_G","Defend_G","Defend_G","Defend_G","Defend_G","Survivor","Neutralize+1","Backstab","Dash","Underhanded Strike"],"relics":["Ring of the Snake","NeowsBlessing"],"potions_floor_usage":[],"damage_taken":[{"damage":2,"enemies":"Small Slimes","floor":1,"turns":2},{"damage":0,"enemies":"Cultist","floor":2,"turns":2},{"damage":0,"enemies":"2 Louse","floor":4,"turns":1},{"damage":36,"enemies":"2 Fungi Beasts","floor":5,"turns":7},{"damage":6,"enemies":"Looter","floor":7,"turns":5},{"damage":27,"enemies":"Blue Slaver","floor":10,"turns":7},{"damage":24,"enemies":"3 Louse","floor":11,"turns":2}],"seed_played":"3184104017113484742","potions_obtained":[{"floor":5,"key":"CultistPotion"}],"is_trial":false,"path_per_floor":["M","M","$","M","M","R","M","R","T","M","M"],"character_chosen":"THE_SILENT","basemod:card_modifiers":[null,null,null,null,null,null,null,null,null,null,null,null,null,null,null],"items_purchased":["Backstab"],"campfire_rested":1,"item_purchase_floors":[3],"current_hp_per_floor":[68,68,68,68,32,32,26,47,47,20,0],"gold":0,"neow_bonus":"THREE_ENEMY_KILL","is_prod":false,"is_daily":false,"chose_seed":false,"campfire_upgraded":1,"win_rate":0.0,"timestamp":1767458847,"path_taken":["M","M","$","M","M","R","M","R","T","M","M"],"build_version":"2022-12-18","purchased_purges":0,"victory":false,"max_hp_per_floor":[70,70,70,70,70,70,70,70,70,70,70],"card_choices":[{"not_picked":["Well Laid Plans","Deflect","Acrobatics"],"picked":"SKIP","floor":1},{"not_picked":["PiercingWail","Outmaneuver","Poisoned Stab"],"picked":"SKIP","floor":2},{"not_picked":["Choke","Eviscerate"],"picked":"Dash","floor":4},{"not_picked":["Dodge and Roll","Flying Knee","Dagger Spray"],"picked":"SKIP","floor":5},{"not_picked":["Outmaneuver","Quick Slash","Underhanded Strike"],"picked":"SKIP","floor":7},{"not_picked":["Outmaneuver","Quick Slash"],"picked":"Underhanded Strike","floor":7},{"not_picked":["Poisoned Stab","Dodge and Roll","Terror"],"picked":"SKIP","floor":10},{"not_picked":["Poisoned Stab","Dodge and Roll","Terror"],"picked":"SKIP","floor":10}],"player_experience":12512,"relics_obtained":[],"event_choices":[],"is_beta":false,"boss_relics":[],"items_purged_floors":[],"is_endless":false,"potions_floor_spawned":[1,5],"killed_by":"3 Louse","ascension_level":0}