{"gold_per_floor":[116,116,116,116,116,116,116,116,116,86,86,86,86],"floor_reached":13,"playtime":797,"items_purged":[],"score":73,"play_id":"9b0343f1-40b7-4f93-8b56-d3a6929a2269","local_time":"20260103170942","is_ascension_mode":false,"campfire_choices":[{"floor":6,"key":"REST"}],"neow_cost":"NONE","seed_source_timestamp":0,"circlet_count":0,"master_deck":["Strike_G","Strike_G","Strike_G","Strike_G","Strike_G","Defend_G","Defend_G+1","Defend_G","Defend_G","Defend_G","Survivor","Neutralize","Flechettes","Quick Slash"],"relics":["Ring of the Snake","NeowsBlessing"],"potions_floor_usage":[],"damage_taken":[{"damage":0,"enemies":"Cultist","floor":1,"turns":1},{"damage":0,"enemies":"Jaw Worm","floor":2,"turns":1},{"damage":6,"enemies":"Small Slimes","floor":5,"turns":4},{"damage":15,"enemies":"Looter","floor":10,"turns":4},{"damage":35,"enemies":"2 Fungi Beasts","floor":12,"turns":7},{"damage":33,"enemies":"Large Slime","floor":13,"turns":4}],"seed_played":"-47921421596663323","potions_obtained":[{"floor":1,"key":"Block Potion"}],"is_trial":false,"path_per_floor":["M","M","?","?","M","R","?","?","T","M","T","M","M"],"character_chosen":"THE_SILENT","basemod:card_modifiers":[null,null,null,null,null,null,null,null,null,null,null,null,null,null],"items_purchased":[],"campfire_rested":1,"item_purchase_floors":[],"current_hp_per_floor":[70,70,70,70,64,70,70,75,75,60,60,25,0],"gold":86,"neow_bonus":"THREE_ENEMY_KILL","is_prod":false,"is_daily":false,"chose_seed":false,"campfire_upgraded":0,"win_rate":0.0,"timestamp":1767456582,"path_taken":["M","M","?","?","M","R","?","?","T","M","?","M","M"],"build_version":"2022-12-18","purchased_purges":0,"victory":false,"max_hp_per_floor":[70,70,70,70,70,70,70,75,75,75,75,75,75],"card_choices":[{"not_picked":["PiercingWail","Deflect"],"picked":"Flechettes","floor":1},{"not_picked":["Reflex","Flying Knee","Distraction"],"picked":"SKIP","floor":2},{"not_picked":["Dagger Spray","Sucker Punch","Riddle With Holes"],"picked":"SKIP","floor":5},{"not_picked":["Dagger Spray","Sucker Punch","Riddle With Holes"],"picked":"SKIP","floor":5},{"not_picked":["Caltrops","Deadly Poison"],"picked":"Quick Slash","floor":10},{"not_picked":["Caltrops","Eviscerate","Slice"],"picked":"SKIP","floor":12}],"player_experience":10484,"relics_obtained":[],"event_choices":[{"damage_healed":0,"gold_gain":0,"player_choice":"Grow","damage_taken":0,"max_hp_gain":0,"max_hp_loss":0,"event_name":"Living Wall","floor":3,"gold_loss":0,"cards_upgraded":["Defend_G"]},{"damage_healed":0,"gold_gain":0,"player_choice":"Ignored","damage_taken":0,"max_hp_gain":0,"max_hp_loss":0,"event_name":"Golden Idol","floor":4,"gold_loss":0},{"damage_healed":0,"gold_gain":0,"player_choice":"Ignored","damage_taken":0,"max_hp_gain":0,"max_hp_loss":0,"event_name":"Golden Wing","floor":7,"gold_loss":0},{"damage_healed":0,"gold_gain":0,"player_choice":"Donut","damage_taken":0,"max_hp_gain":5,"max_hp_loss":0,"event_name":"Big Fish","floor":8,"gold_loss":0}],"is_beta":false,"boss_relics":[],"items_purged_floors":[],"is_endless":false,"potions_floor_spawned":[1],"killed_by":"Large Slime","ascension_level":0}